<?xml version="1.0" encoding="UTF-8"?><collection xmlns="http://www.loc.gov/MARC21/slim"><record><leader>00387nam--2200133-i-4500</leader><controlfield tag="001">000047943</controlfield><controlfield tag="002">20161230</controlfield><controlfield tag="005">20161230201046</controlfield><controlfield tag="008">060222s1000------------r-----000-0-eng-d</controlfield><datafield ind1=" " ind2=" " tag="080"><subfield code="a">539.1=03.82=20</subfield></datafield><datafield ind1=" " ind2=" " tag="100"><subfield code="a">Yudin, N.P.And Shirokov, Yu.M</subfield></datafield><datafield ind1=" " ind2=" " tag="245"><subfield code="a">Nuclear physics. transl.from the russian by mark samokhvalov, cand.sc.(eng.)</subfield></datafield><datafield ind1=" " ind2=" " tag="260"><subfield code="a">Moscow, Mir Publ., 1982, 445p</subfield></datafield><datafield ind1=" " ind2=" " tag="852"><subfield code="a">70709</subfield></datafield></record></collection>